%%%%%%%%%%%%%%%%%%%%%%%%%%%%%%%%%%%%%%%%%%%%%%%%%%%%%%%%%%%%%%%%%%%%%%%%%%%%%%%%
% BIBLIOGRAFÍA                                                                 %
%                                                                              %
% Objetivo: Recopilar las referencias a información utilizadas y/o algunas     %
%           otras que puedan resultar interesantes                             %
%%%%%%%%%%%%%%%%%%%%%%%%%%%%%%%%%%%%%%%%%%%%%%%%%%%%%%%%%%%%%%%%%%%%%%%%%%%%%%%%

% ========================================
% ============ ARTICULOS =================
% ========================================

@article{bergstra2012random,
  title   = {Random search for hyper-parameter optimization},
  author  = {Bergstra, James and Bengio, Yoshua},
  journal = {Journal of Machine Learning Research},
  volume  = {13},
  number  = {Feb},
  pages   = {281--305},
  year    = {2012}
}


@article{ehatisham2018continuous,
  title     = {Continuous authentication of smartphone users based on activity pattern recognition using passive mobile sensing},
  author    = {Ehatisham-ul-Haq, Muhammad and Azam, Muhammad Awais and Naeem, Usman and Amin, Yasar and Loo, Jonathan},
  journal   = {Journal of Network and Computer Applications},
  volume    = {109},
  pages     = {24--35},
  year      = {2018},
  publisher = {Elsevier}
}


 
@article{yangfeature,
  title  = {Feature Selection for MLP Neural Network: The use of Random Permutation of Probabilistic Outputs},
  author = {Yang, Jian-Bo and Shen, Kai-Quan and Ong, Chong-Jin and Li, Xiao-Ping}
}

@article{romero2008performing,
  title     = {Performing feature selection with multilayer perceptrons},
  author    = {Romero, Enrique and Sopena, Josep Mar{\'\i}a},
  journal   = {IEEE Transactions on Neural Networks},
  volume    = {19},
  number    = {3},
  pages     = {431--441},
  year      = {2008},
  publisher = {IEEE}
}



@article{salas2004redes,
  title   = {Redes neuronales artificiales},
  author  = {Salas, Rodrigo},
  journal = {Universidad de Valpara{\i}so. Departamento de Computaci{\'o}n},
  volume  = {1},
  year    = {2004}
}


@article{RUTA200563,
  title  = {Classifier selection for majority voting},
  year   = {2005},
  issn   = {1566-2535},
  doi    = {https://doi.org/10.1016/j.inffus.2004.04.008},
  url    = {http://www.sciencedirect.com/science/article/pii/S1566253504000417},
  author = {Dymitr Ruta and Bogdan Gabrys}
}

@article{shazam,
  title = {An Industrial-Strength Audio Search Algorithm},
  auhor = {Avery Li-Chun Wang}
}


@article{Breiman2001,
  author  = {Breiman, Leo},
  title   = {Random Forests},
  journal = {Machine Learning},
  year    = {2001},
  issn    = {1573-0565},
  doi     = {10.1023/A:1010933404324},
  url     = {https://doi.org/10.1023/A:1010933404324}
}

@inproceedings{de2012touch,
  title        = {Touch me once and i know it's you!: implicit authentication based on touch screen patterns},
  author       = {De Luca, Alexander and Hang, Alina and Brudy, Frederik and Lindner, Christian and Hussmann, Heinrich},
  booktitle    = {proceedings of the SIGCHI Conference on Human Factors in Computing Systems},
  pages        = {987--996},
  year         = {2012},
  organization = {ACM}
}

@article{berwick2003idiot,
  title  = {An Idiot’s guide to Support vector machines (SVMs)},
  author = {Berwick, Robert}
}

@article{breiman1996bagging,
  title     = {Bagging predictors},
  author    = {Breiman, Leo},
  journal   = {Machine learning},
  volume    = {24},
  number    = {2},
  pages     = {123--140},
  year      = {1996},
  publisher = {Springer}
}
@article{jhonmccarthy,
  title  = {WHAT IS ARTIFICIAL INTELLIGENCE?},
  author = {John McCarthy},
  url    = {http://jmc.stanford.edu/articles/whatisai/whatisai.pdf}
}
@article{arhtursamuel,
  title  = {What Is Machine Learning?},
  author = {Jean Francois Puget},
  url    = {https://www.ibm.com/developerworks/community/blogs/jfp/entry/What_Is_Machine_Learning?lang=en}
}

@article{rosenblatt1960perceptron,
  title     = {Perceptron simulation experiments},
  author    = {Rosenblatt, Frank},
  journal   = {Proceedings of the IRE},
  volume    = {48},
  number    = {3},
  pages     = {301--309},
  year      = {1960},
  publisher = {IEEE}
}

@article{EHATISHAMULHAQ201824,
  title    = {Continuous authentication of smartphone users based on activity pattern recognition using passive mobile sensing},
  journal  = {Journal of Network and Computer Applications},
  volume   = {109},
  pages    = {24 - 35},
  year     = {2018},
  issn     = {1084-8045},
  doi      = {https://doi.org/10.1016/j.jnca.2018.02.020},
  url      = {http://www.sciencedirect.com/science/article/pii/S1084804518300717},
  author   = {Muhammad Ehatisham-ul-Haq and Muhammad Awais Azam and Usman Naeem and Yasar Amin and Jonathan Loo},
  keywords = {Activity pattern recognition, Behavioral biometrics, Continuous authentication, Mobile sensing, Smartphone user recognition, Ubiquitous computing}
}

@article{JAIN2019604,
  title    = {Gender recognition in smartphones using touchscreen gestures},
  journal  = {Pattern Recognition Letters},
  volume   = {125},
  pages    = {604 - 611},
  year     = {2019},
  issn     = {0167-8655},
  doi      = {https://doi.org/10.1016/j.patrec.2019.06.008},
  url      = {http://www.sciencedirect.com/science/article/pii/S0167865519301758},
  author   = {Ankita Jain and Vivek Kanhangad},
  keywords = {Smartphone, Gender recognition, Accelerometer sensor, Gyroscope sensor, Orientation sensor}
}

@article{SMITHCREASEY2018147,
  title   = {Continuous face authentication scheme for mobile devices with tracking and liveness detection},
  journal = {Microprocessors and Microsystems},
  volume  = {63},
  pages   = {147 - 157},
  year    = {2018},
  issn    = {0141-9331},
  doi     = {https://doi.org/10.1016/j.micpro.2018.07.008},
  url     = {http://www.sciencedirect.com/science/article/pii/S0141933117305239}
}

@article{YANG20199,
  title    = {BehaveSense: Continuous authentication for security-sensitive mobile apps using behavioral biometrics},
  journal  = {Ad Hoc Networks},
  volume   = {84},
  pages    = {9 - 18},
  year     = {2019},
  issn     = {1570-8705},
  doi      = {https://doi.org/10.1016/j.adhoc.2018.09.015},
  url      = {http://www.sciencedirect.com/science/article/pii/S1570870518306899},
  author   = {Yafang Yang and Bin Guo and Zhu Wang and Mingyang Li and Zhiwen Yu and Xingshe Zhou},
  keywords = {Smartphone sensing, Authentication, Anomaly detection, Bayesian theorem, Human behavior understanding}
}

% ========================================
% ============ LIBROS =================
% ========================================
@book{geron,
  title     = {Hands-on machine learning with Scikit-Learn and TensorFlow: concepts, tools, and techniques to build intelligent systems},
  author    = {G{\'e}ron, Aur{\'e}lien},
  year      = {2017},
  publisher = {" O'Reilly Media, Inc."}
}
 
 
@book{hetzel1988complete,
  title     = {The complete guide to software testing},
  author    = {Hetzel, William C and Hetzel, Bill},
  year      = {1988},
  publisher = {QED Information Sciences Wellesley, MA}
}

@book{cohn2010succeeding,
  title     = {Succeeding with agile: software development using Scrum},
  author    = {Cohn, Mike},
  year      = {2010},
  publisher = {Pearson Education}
}

@book{minsky2017perceptrons,
  title     = {Perceptrons: An introduction to computational geometry},
  author    = {Minsky, Marvin and Papert, Seymour A},
  year      = {2017},
  publisher = {MIT press}
}

@article{rumelhart1988learning,
  title   = {Learning representations by back-propagating errors},
  author  = {Rumelhart, David E and Hinton, Geoffrey E and Williams, Ronald J and others},
  journal = {Cognitive modeling},
  volume  = {5},
  number  = {3},
  pages   = {1},
  year    = {1988}
}

@article{DAMOPOULOS2019138,
  title    = {Hands-Free one-Time and continuous authentication using glass wearable devices},
  journal  = {Journal of Information Security and Applications},
  volume   = {46},
  pages    = {138 - 150},
  year     = {2019},
  issn     = {2214-2126},
  doi      = {https://doi.org/10.1016/j.jisa.2019.02.002},
  url      = {http://www.sciencedirect.com/science/article/pii/S2214212618305714},
  author   = {Dimitrios Damopoulos and Georgios Kambourakis},
  keywords = {Authentication, HCI, IoT, Glass wearable devices}
}

@article{daniel_garabato,
  title  = {Sistema de Autenticación basado en patrones de escritura por teclado 2014},
  author = {Daniel Garabato Míguez, Francisco Javier Nóvoa de Manuel, José Carlos Dafonte Vázquez},
  year   = {2014}
}

@article{jorge_rodriguez,
  title  = {Sistema de Autenticación biométrico basado en el análisis del comportamiento utilizando mecanismos de entrada convencionales.},
  author = {Jorge Rodríguez García, Daniel Garabato Miguez, José Carlos Dafonte Vázquez},
  year   = {2019}
}

% ========================================
% ============ WEB PAGES =================
% ========================================
@misc{orientatio_draft,
  author = {Alexander Shalamov},
  title  = {Accelerometer},
  url    = {https://www.w3.org/TR/accelerometer/}
}

@misc{sensor_draft,
  author = {Kenneth Rohde Christiansen, Alexander Shalamov},
  title  = {Motion Sensors Explainer},
  url    = {https://www.w3.org/TR/motion-sensors}
}


@misc{gyroscope_draft,
  author = {Mikhail Pozdnyakov},
  title  = {Gyroscope},
  url    = {https://www.w3.org/TR/gyroscope/}
}

@misc{touch_events,
  author = {Doug Schepers, Sangwhan Moon, Matt Brubeck, Arthur Barstow},
  title  = {Touch Events},
  url    = {https://www.w3.org/TR/touch-events/}
}

@misc{autenticación_rediris,
  title = {Autenticación de usuarios},
  url   = {https://www.rediris.es/cert/doc/unixsec/node14.html}
}



@misc{voting_clf,
  author       = {Sebastian Raschka},
  title        = {{EnsembleVoteClassifier}},
  howpublished = {\url{http://rasbt.github.io/mlxtend/user_guide/classifier/EnsembleVoteClassifier/}}
}
@misc{mlp_schematic,
  author       = {Diego Calvo},
  title        = {{Perceptrón Multicapa – Red Neuronal}},
  howpublished = {\url{http://www.diegocalvo.es/perceptron-multicapa/}}
}

@misc{joaquin,
  author       = {Joaquín Amat Rodrigo},
  title        = {{Máquinas de Vector Soporte (Support Vector Machines, SVMs)}},
  howpublished = {\url{https://rpubs.com/Joaquin_AR/267926}}
}

@misc{sealsign,
  organization = {SealSign},
  note         = {sitio web oficial},
  url          = {https://www.elevenpaths.com/es/tecnologia/sealsign/index.html}
}

@misc{biosig-id,
  organization = {Biosig-id},
  note         = {sitio web oficial},
  url          = {https://biosig-id.com}
}


@misc{angular,
  organization = {Angular},
  note         = {sitio web oficial},
  url          = {https://angular.io/}
}

@misc{nestjs,
  organization = {Nest JS},
  note         = {sitio web oficial},
  url          = {https://nestjs.com/}
}

@misc{ionic,
  organization = {Ionic},
  note         = {sitio web oficial},
  url          = {https://ionicframework.com}
}

@misc{capacitor,
  organization = {Capacitor},
  note         = {sitio web oficial},
  url          = {https://capacitor.ionicframework.com/}
}

@misc{mongo,
  organization = {MongoDB},
  note         = {sitio web oficial},
  url          = {https://www.mongodb.com/}
}

@misc{jest,
  organization = {Jest},
  note         = {sitio web oficial},
  url          = {https://jestjs.io/}
}
@misc{sklearn,
  organization = {Scikit-Learn},
  note         = {sitio web oficial},
  url          = {https://scikit-learn.org/stable/}
}


@misc{cypress,
  organization = {Cypress},
  note         = {sitio web oficial},
  url          = {https://www.cypress.io/}
}

@misc{git,
  organization = {Git},
  note         = {sitio web oficial},
  url          = {http://git-scm.com}
}

@misc{code,
  organization = {VS Code},
  note         = {sitio web oficial},
  url          = {https://code.visualstudio.com/}
}

@misc{android_studio,
  organization = {Android Studio},
  note         = {sitio web oficial},
  url          = {https://developer.android.com/}
}

@misc{python,
  organization = {Python},
  note         = {sitio web oficial},
  url          = {https://www.python.org/}
}
@misc{typescript,
  organization = {Typescript},
  note         = {sitio web oficial},
  url          = {https://www.typescriptlang.org/}
}

@misc{latex,
  organization = {LaTeX},
  note         = {sitio web oficial},
  url          = {https://www.latex-project.org/}
}

@misc{javascript,
  organization = {ECMAScript},
  note         = {sitio web oficial},
  url          = {https://www.ecma-international.org/publications/standards/Ecma-262.htm}
}

@misc{cypress_youtube,
  title = {Vídeo pruebas e2e},
  url   = {https://youtu.be/8Np7hrq6kpQ}
}


@misc{Juan_Vucetich,
  title = {Juan Vucetich},
  url   = {https://www.ecured.cu/Juan_Vucetich}
}

@misc{incibe_amenaza,
  title  = {Amenaza vs Vulnerabilidad, ¿sabes en qué se diferencian?},
  author = {INCIBE},
  url    = {https://www.incibe.es/protege-tu-empresa/blog/amenaza-vs-vulnerabilidad-sabes-se-diferencian}
}
@mis{eurostat,
  title  = {Do you protect the personal data on your smartphone?},
  author = {eurostat},
  url    = {https://ec.europa.eu/eurostat/en/web/products-eurostat-news/-/EDN-20190128-1}
}
@mis{conceptos_rediris,
  title  = {Gestión de la seguridad},
  author = {Rediris},
  url    = {https://www.rediris.es/cert/doc/unixsec/node31.html}
}
@mis{objetivos_rediris,
  title  = {Introducción y conceptos previos},
  author = {Rediris},
  url    = {https://www.rediris.es/cert/doc/unixsec/node5.html}
}

@misc{boe,
  title  = {BOE},
  author = {Ministerios de empleo y seguridad social},
  url    = {https://www.boe.es/boe/dias/2018/03/06/pdfs/BOE-A-2018-3156.pdf}
}

@misc{tensorflow,
  title = {Neural Network},
  url   = {https://playground.tensorflow.org/}
}

@misc{bossting,
  title = {Ensemble Learning — Bagging and Boosting},
  url   = {https://becominghuman.ai/ensemble-learning-bagging-and-boosting-d20f38be9b1e}
}

@misc{Bootstrapping,
  title = {Boosting and Bagging: How To Develop A Robust Machine Learning Algorithm},
  url   = {https://hackernoon.com/how-to-develop-a-robust-algorithm-c38e08f32201}
}

